 @article{Tohver_2006, title={Paleomagnetic record of Africa and South America for the 1200–500Ma interval, and evaluation of Rodinia and Gondwana assemblies}, volume={147}, ISSN={0301-9268}, url={http://dx.doi.org/10.1016/j.precamres.2006.01.015}, DOI={10.1016/j.precamres.2006.01.015}, number={3–4}, journal={Precambrian Research}, publisher={Elsevier BV}, author={Tohver, Eric and D’Agrella-Filho, Manoel S. and Trindade, Ricardo I.F.}, year={2006}, month=jul, pages={193–222} }

